<record><leader>00000cas a22000007a 4500</leader><controlfield tag="001">13997303</controlfield><controlfield tag="008">860801d18931895mauwr ne      0    0eng  </controlfield><controlfield tag="009">466</controlfield><datafield ind1=" " ind2=" " tag="010"><subfield code="a">sn 86071788 </subfield></datafield><datafield ind1=" " ind2=" " tag="040"><subfield code="a">DLC</subfield><subfield code="b">eng</subfield><subfield code="c">DLC</subfield><subfield code="d">MGN</subfield></datafield><datafield ind1="1" ind2=" " tag="029"><subfield code="a">AU@</subfield><subfield code="b">000025791760</subfield></datafield><datafield ind1=" " ind2=" " tag="042"><subfield code="a">msc</subfield></datafield><datafield ind1="0" ind2="0" tag="050"><subfield code="a">Newspaper 8160-X</subfield></datafield><datafield ind1="0" ind2="4" tag="245"><subfield code="a">The Peabody advertiser.</subfield></datafield><datafield ind1="1" ind2="0" tag="246"><subfield code="a">Peabody advertiser combined with the Peabody press</subfield></datafield><datafield ind1=" " ind2=" " tag="260"><subfield code="a">Peabody, Mass. :</subfield><subfield code="b">James Brownlee Sanford,</subfield></datafield><datafield ind1=" " ind2=" " tag="300"><subfield code="a">v. ;</subfield><subfield code="c">66 cm.</subfield></datafield><datafield ind1=" " ind2=" " tag="310"><subfield code="a">Weekly</subfield></datafield><datafield ind1="0" ind2=" " tag="362"><subfield code="a">Vol. 18, no. 1 (Nov. 11, 1893)-v. 19, no. 37 (June 29, 1895).</subfield></datafield><datafield ind1=" " ind2=" " tag="500"><subfield code="a">In the masthead, June 8-29, 1895: Combined with the Peabody press.</subfield></datafield><datafield ind1=" " ind2=" " tag="500"><subfield code="a">Independent.</subfield></datafield><datafield ind1=" " ind2=" " tag="752"><subfield code="a">United States</subfield><subfield code="b">Massachusetts</subfield><subfield code="c">Essex</subfield><subfield code="d">Peabody.</subfield></datafield><datafield ind1="0" ind2="0" tag="780"><subfield code="t">Peabody reporter (Peabody, Mass.)</subfield><subfield code="w">(DLC)sn 86071787</subfield></datafield><datafield ind1="0" ind2="7" tag="785"><subfield code="t">Peabody press (Peabody, Mass. : 1868)</subfield><subfield code="w">(DLC)sn 83020240</subfield></datafield><datafield ind1="0" ind2="7" tag="785"><subfield code="t">Peabody union</subfield><subfield code="w">(DLC)sn 94055879</subfield></datafield></record>